<record><leader>00000cas a2200000 a 4500</leader><controlfield tag="001">18298259</controlfield><controlfield tag="008">880801d19011941wauwr ne      0    0eng d</controlfield><datafield ind1=" " ind2=" " tag="010"><subfield code="a">sn 88085838 </subfield></datafield><datafield ind1=" " ind2=" " tag="040"><subfield code="a">SLZ</subfield><subfield code="b">eng</subfield><subfield code="c">SLZ</subfield><subfield code="d">OCL</subfield><subfield code="d">OCLCQ</subfield><subfield code="d">OCLCF</subfield><subfield code="d">OCLCO</subfield></datafield><datafield ind1=" " ind2=" " tag="042"><subfield code="a">msc</subfield></datafield><datafield ind1=" " ind2=" " tag="043"><subfield code="a">n-us-wa</subfield></datafield><datafield ind1="0" ind2=" " tag="130"><subfield code="a">Brewster herald (Brewster, Wash.)</subfield></datafield><datafield ind1="1" ind2="0" tag="245"><subfield code="a">Brewster herald.</subfield></datafield><datafield ind1=" " ind2=" " tag="260"><subfield code="a">Brewster, Wash. :</subfield><subfield code="b">D.L. Gillespie.</subfield></datafield><datafield ind1=" " ind2=" " tag="300"><subfield code="a">v.</subfield></datafield><datafield ind1=" " ind2=" " tag="310"><subfield code="a">Weekly</subfield></datafield><datafield ind1="1" ind2=" " tag="362"><subfield code="a">Began in 1901; ceased in 1941.</subfield></datafield><datafield ind1=" " ind2=" " tag="588"><subfield code="a">Description based on: Vol. 2, no. 3 (July 26, 1902).</subfield></datafield><datafield ind1=" " ind2="0" tag="651"><subfield code="a">Brewster (Wash.)</subfield><subfield code="v">Newspapers.</subfield></datafield><datafield ind1=" " ind2="7" tag="655"><subfield code="a">Newspapers.</subfield><subfield code="2">fast</subfield><subfield code="0">(OCoLC)fst01423814</subfield></datafield><datafield ind1=" " ind2="7" tag="651"><subfield code="a">Washington (State)</subfield><subfield code="z">Brewster.</subfield><subfield code="2">fast</subfield><subfield code="0">(OCoLC)fst01882988</subfield></datafield><datafield ind1=" " ind2=" " tag="752"><subfield code="a">United States</subfield><subfield code="b">Washington</subfield><subfield code="c">Okanogan</subfield><subfield code="d">Brewster.</subfield></datafield><datafield ind1="0" ind2="7" tag="785"><subfield code="t">Pateros reporter</subfield><subfield code="w">(DLC)sn 88085835</subfield></datafield><datafield ind1="0" ind2="7" tag="785"><subfield code="t">Herald reporter (Brewster, Wash. : 1940)</subfield><subfield code="w">(DLC)sn 88085090</subfield></datafield></record>